<?xml version="1.0" encoding="UTF-8"?><collection xmlns="http://www.loc.gov/MARC21/slim"><record><leader>00404nam--2200157-i-4500</leader><controlfield tag="001">000005520</controlfield><controlfield tag="002">20161230</controlfield><controlfield tag="005">20170304203829</controlfield><controlfield tag="008">060222s1000------------r-----000-0-eng-d</controlfield><datafield ind1=" " ind2=" " tag="100"><subfield code="a">Braunbek, Werner</subfield></datafield><datafield ind1=" " ind2=" " tag="245"><subfield code="a">Grundbegriffe der kernphysik</subfield></datafield><datafield ind1=" " ind2=" " tag="260"><subfield code="a">Munchen</subfield><subfield code="b">Verlag Karl Thiemig</subfield><subfield code="c">1958</subfield></datafield><datafield ind1=" " ind2=" " tag="300"><subfield code="a">108 p</subfield></datafield><datafield ind1=" " ind2=" " tag="490"><subfield code="a">Buchreihe Der Atomkernenergie</subfield></datafield><datafield ind1=" " ind2=" " tag="852"><subfield code="a">543</subfield></datafield><datafield ind1=" " ind2=" " tag="CAT"><subfield code="a">SYS</subfield><subfield code="c">20170304</subfield><subfield code="h">203829</subfield></datafield></record></collection>